@comment{https://irl.github.io/bibwiki/}

@misc{wiki:数学者の一覧,
   author = "Wikipedia",
   title = "{数学者の一覧} --- {W}ikipedia{,} The Free Encyclopedia",
   year = "2023",
   howpublished = {\url{http://ja.wikipedia.org/w/index.php?title=\%E6\%95\%B0\%E5\%AD\%A6\%E8\%80\%85\%E3\%81\%AE\%E4\%B8\%80\%E8\%A6\%A7&oldid=91700364}},
   note = "[Online; accessed 29-June-2023]"
}
